<?xml version="1.0" encoding="UTF-8"?><collection xmlns="http://www.loc.gov/MARC21/slim"><record><leader>00651nam--2200193-i-4500</leader><controlfield tag="001">000020485</controlfield><controlfield tag="002">20161230</controlfield><controlfield tag="005">20161230201033</controlfield><controlfield tag="008">060222s1000------------r-----000-0-eng-d</controlfield><datafield ind1=" " ind2=" " tag="020"><subfield code="a">9810206291</subfield></datafield><datafield ind1=" " ind2=" " tag="040"><subfield code="a">IFIN-HH</subfield></datafield><datafield ind1=" " ind2=" " tag="080"><subfield code="a">538.93(061.3)</subfield></datafield><datafield ind1="1" ind2=" " tag="100"><subfield code="a">Cerdeira, H.A. /S.A.</subfield></datafield><datafield ind1="1" ind2="0" tag="245"><subfield code="a">Quantum fluctuations in mesoscopic and macroscopic systems</subfield><subfield code="b">Proceedings of the adriatico research conference miramare, trieste, italy 3-6 july 1990</subfield><subfield code="c">H.a. cerdeira, f. guinea lopez, u. weiss (eds.)</subfield></datafield><datafield ind1=" " ind2=" " tag="260"><subfield code="a">London</subfield><subfield code="b">World Scientific</subfield><subfield code="c">1991</subfield></datafield><datafield ind1=" " ind2=" " tag="300"><subfield code="a">VIII+ 289 P</subfield></datafield><datafield ind1="1" ind2=" " tag="700"><subfield code="a">Weiss, U</subfield><subfield code="e">Ed</subfield></datafield><datafield ind1=" " ind2=" " tag="852"><subfield code="a">80326</subfield><subfield code="c">539.2</subfield></datafield><datafield ind1=" " ind2=" " tag="CAT"><subfield code="a">Sys</subfield><subfield code="c">20121204</subfield><subfield code="h">153909</subfield></datafield></record></collection>